@book{knuthv2,
 author = {Knuth, Donald E.},
 title = {The Art of Computer Programming, volume 2, seminumerical algorithms},
 edition = {3},
 year = {1997},
 isbn = {0-201-89684-8},
 publisher = {Addison-Wesley Longman Publishing Co., Inc.},
 address = {Boston, MA, USA},
} 

@article{l2007testu01,
  title={TestU01: A C library for empirical testing of random number
                  generators},
  author={L'Ecuyer, Pierre and Simard, Richard},
  journal={ACM Transactions on Mathematical Software (TOMS)},
  volume={33},
  number={4},
  pages={22},
  year={2007},
  publisher={ACM}
}

@misc{l2009testu01,
  title={TestU01: A software library in ANSI C for empirical testing
                  of random number generators. Users guide, compact
                  version. (Version: August 17, 2009)},
  author={L’Ecuyer, Pierre and Simard, Richard}
}

@article{l2005testu01,
  title={TestU01: a software library in ANSI C for empirical testing
                  of random number generators: User’s guide, detailed
                  version},
  author={L’Ecuyer, Pierre and Simard, Richard},
  journal={D{\'e}partement d’Informatique et de Recherche Op{\'e}rationnelle Universit{\'e} de Montr{\'e}al},
  year={2005}
}

@article{marsaglia2015diehard,
  title={DIEHARD: a battery of tests of randomness (1996)},
  author={Marsaglia, Georges},
  journal={See http://stat. fsu. edu/geo/diehard. html},
  volume={17},
  pages={1--6},
  year={2015}
}

@article{brown2004dieharder,
  title={Dieharder},
  author={Brown, R},
  journal={Duke University Physics Department Durham, NC},
  pages={27708--0305},
  year={2004}
}

@article{practrand,
  title={PractRand},
  author={Doty-Humphrey, C},
  journal={URL: http://pracrand.sourceforge.net},
  year={2014}
}

@article{gjrand,
  title={gjrand},
  author={Gary Johnson},
  journal={URL: http://gjrand.sourceforge.net/},
  %%year={0000}
}

@article{nist80022,
  title={800-22},
  author={NIST, SP},
  journal={A Statistical Test Suite for Random and Pseudorandom Number
                  Generators for Cryptographic Applications},
  volume={120},
  year={2000}
}

@article{knuth1984literate,
  title={Literate programming},
  author={Knuth, Donald E.},
  journal={The Computer Journal},
  volume={27},
  number={2},
  pages={97--111},
  year={1984},
  publisher={Oxford University Press}
}

@article{ramsey1994literate,
  title={Literate programming simplified},
  author={Ramsey, Norman},
  journal={IEEE software},
  volume={11},
  number={5},
  pages={97--105},
  year={1994},
  publisher={IEEE}
}

@book{knuth1994cweb,
  title={The CWEB system of structured documentation: version 3.0},
  author={Knuth, Donald E. and Levy, Silvio},
  year={1994},
  publisher={Addison-Wesley Longman Publishing Co., Inc.}
}